@article{Cohen2014,
author = {Cohen, Judah and Screen, James A. and Furtado, Jason C. and Barlow, Mathew and Whittleston, David and Coumou, Dim and Francis, Jennifer and Dethloff, Klaus and Entekhabi, Dara and Overland, James and Jones, Justin},
doi = {10.1038/ngeo2234},
issn = {1752-0894},
journal = {Nature Geoscience},
keywords = {Arctic amplification,Northern hemisphere},
month = aug,
number = {9},
pages = {627--637},
title = {{Recent Arctic amplification and extreme mid-latitude weather}},
url = {http://www.nature.com/doifinder/10.1038/ngeo2234},
volume = {7},
year = {2014}
}

@article{Ding2011,
author = {Ding, Qinghua and Steig, Eric J. and Battisti, David S. and K\"{u}ttel, Marcel},
doi = {10.1038/ngeo1129},
issn = {1752-0894},
journal = {Nature Geoscience},
keywords = {Antarctica,Central Pacific SST trend,ENSO teleconnections,Surface temperature},
month = apr,
number = {6},
pages = {398--403},
title = {{Winter warming in West Antarctica caused by central tropical Pacific warming}},
url = {http://www.nature.com/doifinder/10.1038/ngeo1129},
volume = {4},
year = {2011}
}
@article{Ding2013,
author = {Ding, Qinghua and Steig, Eric J.},
doi = {10.1175/JCLI-D-12-00729.1},
issn = {0894-8755},
journal = {Journal of Climate},
keywords = {Antractic Peninsula,Pacific-South American (PSA) pattern},
month = oct,
number = {19},
pages = {7570--7585},
title = {{Temperature Change on the Antarctic Peninsula Linked to the Tropical Pacific}},
url = {http://journals.ametsoc.org/doi/abs/10.1175/JCLI-D-12-00729.1},
volume = {26},
year = {2013}
}

@article{Hobbs2007,
author = {Hobbs, William R. and Raphael, Marilyn N.},
doi = {10.1029/2006GL028740},
issn = {0094-8276},
journal = {Geophysical Research Letters},
keywords = {Southern Hemisphere,zonal wave one},
mendeley-groups = {Pending - highly PhD relevant},
month = mar,
number = {5},
pages = {L05702},
title = {{A representative time-series for the Southern Hemisphere zonal wave 1}},
url = {http://doi.wiley.com/10.1029/2006GL028740},
volume = {34},
year = {2007}
}

@article{Raphael2004,
author = {Raphael, Marilyn N.},
doi = {10.1029/2004GL020365},
issn = {0094-8276},
journal = {Geophysical Research Letters},
keywords = {zonal wave three},
number = {23},
pages = {L23212},
title = {{A zonal wave 3 index for the Southern Hemisphere}},
url = {http://doi.wiley.com/10.1029/2004GL020365},
volume = {31},
year = {2004}
}

@article{Raphael2007,
author = {Raphael, Marilyn N.},
doi = {10.1029/2006JD007852},
issn = {0148-0227},
journal = {Journal of Geophysical Research},
keywords = {zonal wave three},
month = jun,
number = {D12},
pages = {D12112},
title = {{The influence of atmospheric zonal wave three on Antarctic sea ice variability}},
url = {http://doi.wiley.com/10.1029/2006JD007852},
volume = {112},
year = {2007}
}

@article{Raphael2014,
author = {Raphael, Marilyn N. and Hobbs, William R.},
doi = {10.1002/2014GL060365},
issn = {00948276},
journal = {Geophysical Research Letters},
keywords = {Pacific-South American (PSA) pattern,Sea ice,Southern Hemisphere,zonal wave three},
month = jul,
number = {14},
pages = {5037--5045},
title = {{The influence of the large-scale atmospheric circulation on Antarctic sea ice during ice advance and retreat seasons}},
url = {http://doi.wiley.com/10.1002/2014GL060365},
volume = {41},
year = {2014}
}

@article{Screen2014,
author = {Screen, James A. and Simmonds, Ian},
doi = {10.1038/nclimate2271},
issn = {1758-678X},
journal = {Nature Climate Change},
keywords = {Arctic,Planetary waves},
month = jun,
title = {{Amplified mid-latitude planetary waves favour particular regional weather extremes}},
url = {http://www.nature.com/doifinder/10.1038/nclimate2271},
year = {2014}
}
